<?xml version="1.0" encoding="UTF-8"?><collection xmlns="http://www.loc.gov/MARC21/slim"><record><leader>00461nam--2200169-u-4500</leader><controlfield tag="001">000056814</controlfield><controlfield tag="002">20191024</controlfield><controlfield tag="005">20191024055759</controlfield><controlfield tag="008">191024s1000------------r-----000-0-eng-d</controlfield><datafield ind1=" " ind2=" " tag="041"><subfield code="a">eng</subfield></datafield><datafield ind1="1" ind2=" " tag="110"><subfield code="a">Comitetul National Roman de Fizica</subfield></datafield><datafield ind1="1" ind2="0" tag="245"><subfield code="a">Progrese in fizica</subfield></datafield><datafield ind1=" " ind2=" " tag="260"><subfield code="a">IASI</subfield><subfield code="b">UniversitateaAl.I.CuzaIasi Facultatea de fizica</subfield><subfield code="c">1985</subfield></datafield><datafield ind1=" " ind2=" " tag="300"><subfield code="a">753 p</subfield></datafield><datafield ind1=" " ind2=" " tag="500"><subfield code="a">donatie Gheorghe Dinescu</subfield></datafield><datafield ind1=" " ind2=" " tag="852"><subfield code="a">82772</subfield><subfield code="c">061.3</subfield></datafield><datafield ind1=" " ind2=" " tag="CAT"><subfield code="a">SYS</subfield><subfield code="c">20191024</subfield><subfield code="h">055759</subfield></datafield></record></collection>